<collection xmlns="http://www.loc.gov/MARC21/slim">
   <record>
      <leader>02745cam a2200553Ia 4500</leader>
      <controlfield tag="001">6662382</controlfield>
      <controlfield tag="003">OCoLC</controlfield>
      <controlfield tag="005">20150217142813.0</controlfield>
      <controlfield tag="008">140408s2015    moua     bf   001 0 eng d</controlfield>
      <datafield ind1="7" ind2=" " tag="016">
         <subfield code="a">016621685</subfield>
         <subfield code="2">Uk</subfield>
      </datafield>
      <datafield ind1="7" ind2=" " tag="016">
         <subfield code="a">101633521</subfield>
         <subfield code="2">DNLM</subfield>
      </datafield>
      <datafield ind1=" " ind2=" " tag="020">
         <subfield code="a">1455740195</subfield>
      </datafield>
      <datafield ind1=" " ind2=" " tag="020">
         <subfield code="a">9781455740192</subfield>
      </datafield>
      <datafield ind1=" " ind2=" " tag="035">
         <subfield code="a">ocn876050063</subfield>
      </datafield>
      <datafield ind1=" " ind2=" " tag="040">
         <subfield code="a">XMC</subfield>
         <subfield code="c">XMC</subfield>
         <subfield code="d">YDXCP</subfield>
         <subfield code="d">UAA</subfield>
         <subfield code="d">VET</subfield>
         <subfield code="d">OCLCO</subfield>
         <subfield code="d">CNMBL</subfield>
         <subfield code="d">NLM</subfield>
         <subfield code="d">OCLCF</subfield>
         <subfield code="d">VET</subfield>
         <subfield code="d">PHADU</subfield>
         <subfield code="d">BTCTA</subfield>
         <subfield code="d">UKMGB</subfield>
         <subfield code="d">UtOrBLW</subfield>
         <subfield code="d">AEU</subfield>
      </datafield>
      <datafield ind1=" " ind2="4" tag="050">
         <subfield code="a">RC440</subfield>
         <subfield code="b">.V374 2015</subfield>
      </datafield>
      <datafield ind1=" " ind2="4" tag="060">
         <subfield code="a">WY 49</subfield>
         <subfield code="b">V289m 2015</subfield>
      </datafield>
      <datafield ind1=" " ind2="4" tag="060">
         <subfield code="a">2014 G-941</subfield>
      </datafield>
      <datafield ind1=" " ind2="4" tag="060">
         <subfield code="a">WY 49</subfield>
      </datafield>
      <datafield ind1="1" ind2=" " tag="082">
         <subfield code="a">616.89/0231</subfield>
         <subfield code="2">23</subfield>
      </datafield>
      <datafield ind1=" " ind2=" " tag="090">
         <subfield code="a">WY 49 V289 2015</subfield>
         <subfield code="b">ACRVH</subfield>
      </datafield>
      <datafield ind1=" " ind2=" " tag="090">
         <subfield code="a">RC440</subfield>
         <subfield code="b">.V374 2014</subfield>
      </datafield>
      <datafield ind1=" " ind2=" " tag="090">
         <subfield code="a">WY 49 V289 2014</subfield>
         <subfield code="b">AERA</subfield>
      </datafield>
      <datafield ind1=" " ind2=" " tag="090">
         <subfield code="a">WY 49 V287 2014</subfield>
         <subfield code="b">AEMH</subfield>
      </datafield>
      <datafield ind1=" " ind2=" " tag="090">
         <subfield code="a">RC 440 V374 2015</subfield>
         <subfield code="b">AEU</subfield>
      </datafield>
      <datafield ind1="1" ind2=" " tag="100">
         <subfield code="a">Varcarolis, Elizabeth M.</subfield>
         <subfield code="0">http://id.loc.gov/authorities/names/n88095423</subfield>
         <subfield code="0">http://viaf.org/viaf/7543124</subfield>
      </datafield>
      <datafield ind1="1" ind2="0" tag="245">
         <subfield code="a">Manual of psychiatric nursing care planning :</subfield>
         <subfield code="b">assessment guides, diagnoses, psychopharmacology /</subfield>
         <subfield code="c">Elizabeth M. Varcarolis.</subfield>
      </datafield>
      <datafield ind1=" " ind2=" " tag="250">
         <subfield code="a">5th ed.</subfield>
      </datafield>
      <datafield ind1=" " ind2=" " tag="260">
         <subfield code="a">St. Louis :</subfield>
         <subfield code="b">Elsevier,</subfield>
         <subfield code="c">c2015.</subfield>
      </datafield>
      <datafield ind1=" " ind2=" " tag="300">
         <subfield code="a">ix, 757 p. :</subfield>
         <subfield code="b">ill. ;</subfield>
         <subfield code="c">19 cm</subfield>
      </datafield>
      <datafield ind1=" " ind2=" " tag="500">
         <subfield code="a">"Includes DSM-5 updates"--Cover.</subfield>
      </datafield>
      <datafield ind1=" " ind2=" " tag="504">
         <subfield code="a">Includes bibliographical references (p. 616-624) and index.</subfield>
      </datafield>
      <datafield ind1=" " ind2=" " tag="596">
         <subfield code="a">4 18 19 42</subfield>
      </datafield>
      <datafield ind1=" " ind2="0" tag="650">
         <subfield code="a">Nursing care plans</subfield>
         <subfield code="v">Handbooks, manuals, etc.</subfield>
         <subfield code="0">http://id.loc.gov/authorities/subjects/sh2008108523</subfield>
      </datafield>
      <datafield ind1=" " ind2="0" tag="650">
         <subfield code="a">Psychiatric nursing</subfield>
         <subfield code="v">Handbooks, manuals, etc.</subfield>
         <subfield code="0">http://id.loc.gov/authorities/subjects/sh2008110134</subfield>
      </datafield>
      <datafield ind1=" " ind2="6" tag="650">
         <subfield code="a">Plans de soins</subfield>
         <subfield code="v">Guides, manuels, etc.</subfield>
      </datafield>
      <datafield ind1=" " ind2="6" tag="650">
         <subfield code="a">Soins infirmiers en psychiatrie</subfield>
         <subfield code="v">Guides, manuels, etc.</subfield>
      </datafield>
      <datafield ind1="1" ind2="2" tag="650">
         <subfield code="a">Mental Disorders</subfield>
         <subfield code="x">nursing</subfield>
         <subfield code="v">Handbooks.</subfield>
      </datafield>
      <datafield ind1="2" ind2="2" tag="650">
         <subfield code="a">Nursing Assessment</subfield>
         <subfield code="v">Handbooks.</subfield>
      </datafield>
      <datafield ind1="2" ind2="2" tag="650">
         <subfield code="a">Psychiatric Nursing</subfield>
         <subfield code="x">methods</subfield>
         <subfield code="v">Handbooks.</subfield>
      </datafield>
      <datafield ind1=" " ind2=" " tag="758">
         <subfield code="0">http://worldcat.org/entity/work/id/3944454961</subfield>
      </datafield>
      <datafield ind1="0" ind2=" " tag="787">
         <subfield code="n">OCLC Work Id</subfield>
         <subfield code="o">http://worldcat.org/entity/work/id/3944454961</subfield>
      </datafield>
      <datafield ind1=" " ind2=" " tag="949">
         <subfield code="h">AHSPL-ST-B</subfield>
         <subfield code="a">WY 49 V289 2015</subfield>
         <subfield code="i">00010880528</subfield>
         <subfield code="p">$44.16</subfield>
         <subfield code="u">1/12/2015</subfield>
         <subfield code="m">AHS_PLC</subfield>
      </datafield>
      <datafield ind1=" " ind2=" " tag="935">
         <subfield code="a">4106282</subfield>
      </datafield>
      <datafield ind1=" " ind2=" " tag="926">
         <subfield code="a">WY 49 V287 2014</subfield>
         <subfield code="w">LC</subfield>
         <subfield code="c">1</subfield>
         <subfield code="i">0163730122419</subfield>
         <subfield code="d">9/29/2016</subfield>
         <subfield code="e">9/8/2016</subfield>
         <subfield code="f">11/9/2015</subfield>
         <subfield code="g">1</subfield>
         <subfield code="l">ON_SHELF</subfield>
         <subfield code="m">COVENANTMH</subfield>
         <subfield code="n">32</subfield>
         <subfield code="p">$150.00</subfield>
         <subfield code="r">Y</subfield>
         <subfield code="s">Y</subfield>
         <subfield code="t">BOOK</subfield>
         <subfield code="u">8/19/2014</subfield>
      </datafield>
      <datafield ind1=" " ind2=" " tag="926">
         <subfield code="a">RC 440 V374 2015</subfield>
         <subfield code="w">LC</subfield>
         <subfield code="c">1</subfield>
         <subfield code="i">0162033617851</subfield>
         <subfield code="d">2/17/2017</subfield>
         <subfield code="e">2/17/2017</subfield>
         <subfield code="k">CHECKEDOUT</subfield>
         <subfield code="l">ON_SHELF</subfield>
         <subfield code="m">UAHLTHSC</subfield>
         <subfield code="n">37</subfield>
         <subfield code="p">$150.00</subfield>
         <subfield code="r">M</subfield>
         <subfield code="s">Y</subfield>
         <subfield code="t">BOOK</subfield>
         <subfield code="u">1/19/2015</subfield>
         <subfield code="0">TEXTBOOK</subfield>
      </datafield>
      <datafield ind1=" " ind2=" " tag="926">
         <subfield code="a">RC 440 V374 2015</subfield>
         <subfield code="w">LC</subfield>
         <subfield code="c">2</subfield>
         <subfield code="i">0162033617794</subfield>
         <subfield code="d">3/10/2017</subfield>
         <subfield code="e">3/10/2017</subfield>
         <subfield code="k">CHECKEDOUT</subfield>
         <subfield code="l">ON_SHELF</subfield>
         <subfield code="m">UAHLTHSC</subfield>
         <subfield code="n">40</subfield>
         <subfield code="p">$150.00</subfield>
         <subfield code="r">M</subfield>
         <subfield code="s">Y</subfield>
         <subfield code="t">BOOK</subfield>
         <subfield code="u">1/19/2015</subfield>
         <subfield code="0">TEXTBOOK</subfield>
      </datafield>
      <datafield ind1=" " ind2=" " tag="926">
         <subfield code="a">WY 49 V289 2015</subfield>
         <subfield code="w">LC</subfield>
         <subfield code="c">1</subfield>
         <subfield code="i">00010880528</subfield>
         <subfield code="d">3/3/2017</subfield>
         <subfield code="e">3/3/2017</subfield>
         <subfield code="k">CHECKEDOUT</subfield>
         <subfield code="l">ON_SHELF</subfield>
         <subfield code="m">AHS_RVGH</subfield>
         <subfield code="n">19</subfield>
         <subfield code="p">$44.16</subfield>
         <subfield code="q">1</subfield>
         <subfield code="r">M</subfield>
         <subfield code="s">Y</subfield>
         <subfield code="t">BOOK</subfield>
         <subfield code="u">1/12/2015</subfield>
      </datafield>
      <datafield ind1=" " ind2=" " tag="926">
         <subfield code="a">WY 49 V289 2014</subfield>
         <subfield code="w">NLM</subfield>
         <subfield code="c">1</subfield>
         <subfield code="i">0163711049110</subfield>
         <subfield code="d">12/16/2016</subfield>
         <subfield code="e">12/3/2016</subfield>
         <subfield code="l">ON_SHELF</subfield>
         <subfield code="m">AHS_RAH</subfield>
         <subfield code="n">20</subfield>
         <subfield code="r">Y</subfield>
         <subfield code="s">Y</subfield>
         <subfield code="t">BOOK</subfield>
         <subfield code="u">9/10/2014</subfield>
      </datafield>
   </record>
</collection>
